@book{amyot2014system,
  title={System Analysis and Modeling: Models and Reusability: 8th International Conference, SAM 2014, Valencia, Spain, September 29-30, 2014. Proceedings},
  author={Amyot, Daniel and i Casas, Pau Fonseca and Mussbacher, Gunter},
  volume={8769},
  year={2014},
  publisher={Springer}
}